<collection xmlns="http://www.loc.gov/MARC21/slim">
<record>
  <leader>01651nam0a22003011i 450 </leader>
  <controlfield tag="001">IT\ICCU\CNCE\053999</controlfield>
  <controlfield tag="005">20030123000000.0</controlfield>
  <datafield tag="012" ind1=" " ind2=" ">
    <subfield code="a">etvl e-at a-a* dasc (3) 1505 (T)</subfield>
    <subfield code="2">fei</subfield>
  </datafield>
  <datafield tag="100" ind1=" " ind2=" ">
    <subfield code="a">20030115d1505        0itac0103    ba</subfield>
  </datafield>
  <datafield tag="101" ind1=" " ind2=" ">
    <subfield code="a">LAT</subfield>
  </datafield>
  <datafield tag="102" ind1=" " ind2=" ">
    <subfield code="a">IT</subfield>
  </datafield>
  <datafield tag="200" ind1="1" ind2=" ">
    <subfield code="a">Opus aureum sancti Thomae de Aquino super quattuor euangelia</subfield>
  </datafield>
  <datafield tag="210" ind1=" " ind2=" ">
    <subfield code="e">Venetijs</subfield>
    <subfield code="g">mandato &amp; expensis heredum ... Octauiani Scoti ciuis Modoetiensis</subfield>
    <subfield code="g">per Bonetum Locatellum Bergomensem presbyterum</subfield>
    <subfield code="h">1506 nono kalendas Ianuarias \24 XII 1505!</subfield>
  </datafield>
  <datafield tag="215" ind1=" " ind2=" ">
    <subfield code="a">318 c.</subfield>
    <subfield code="d">fol</subfield>
  </datafield>
  <datafield tag="300" ind1=" " ind2=" ">
    <subfield code="a">ANNULLATA  !!!!  vedi  35692((Marca di Scoto (Z272) in fine. - Got. - Segn.: a-z8 &amp;8 \con!8 \rum!8 2a-2n8 2o6. - Iniziali xil</subfield>
  </datafield>
  <datafield tag="620" ind1=" " ind2=" ">
    <subfield code="a">IT</subfield>
    <subfield code="d">Venezia</subfield>
  </datafield>
  <datafield tag="700" ind1=" " ind2="0">
    <subfield code="a">Tommaso</subfield>
    <subfield code="c"> : d&apos;Aquino</subfield>
    <subfield code="c"> &lt;santo&gt;</subfield>
    <subfield code="3">IT\ICCU\CNCA\000195</subfield>
  </datafield>
  <datafield tag="712" ind1="0" ind2="0">
    <subfield code="a">Scoto, Ottaviano</subfield>
    <subfield code="c"> &lt;1.&gt; - eredi</subfield>
    <subfield code="3">IT\ICCU\CNCT\000130</subfield>
    <subfield code="4">650</subfield>
  </datafield>
  <datafield tag="712" ind1="0" ind2="0">
    <subfield code="a">Locatello, Boneto</subfield>
    <subfield code="3">IT\ICCU\CNCT\000131</subfield>
    <subfield code="4">650</subfield>
  </datafield>
  <datafield tag="790" ind1=" " ind2="0">
    <subfield code="a">Thomas</subfield>
    <subfield code="c"> : de#Aquino</subfield>
    <subfield code="c"> &lt;santo&gt;</subfield>
    <subfield code="3">IT\ICCU\CNCA\009350</subfield>
    <subfield code="z">Tommaso : d&apos;Aquino &lt;santo&gt;</subfield>
  </datafield>
  <datafield tag="791" ind1="0" ind2="0">
    <subfield code="a">Scotus, Octavianus</subfield>
    <subfield code="c"> &lt;1.&gt; - eredi</subfield>
    <subfield code="3">IT\ICCU\CNCT\005636</subfield>
    <subfield code="z">Scoto, Ottaviano &lt;1.&gt; - eredi</subfield>
  </datafield>
  <datafield tag="791" ind1="0" ind2="0">
    <subfield code="a">Scotti, Ottaviano</subfield>
    <subfield code="c"> &lt;1.&gt; - eredi</subfield>
    <subfield code="3">IT\ICCU\CNCT\005637</subfield>
    <subfield code="z">Scoto, Ottaviano &lt;1.&gt; - eredi</subfield>
  </datafield>
  <datafield tag="791" ind1="0" ind2="0">
    <subfield code="a">Locatellus, Bonetus</subfield>
    <subfield code="3">IT\ICCU\CNCT\004971</subfield>
    <subfield code="z">Locatello, Boneto</subfield>
  </datafield>
  <datafield tag="791" ind1="0" ind2="0">
    <subfield code="a">Locatellis, Bonetus de</subfield>
    <subfield code="3">IT\ICCU\CNCT\004972</subfield>
    <subfield code="z">Locatello, Boneto</subfield>
  </datafield>
  <datafield tag="801" ind1=" " ind2="3">
    <subfield code="a">IT</subfield>
    <subfield code="b">ICCU</subfield>
    <subfield code="c">20201115</subfield>
  </datafield>
  <datafield tag="899" ind1=" " ind2=" ">
    <subfield code="a">Biblioteca comunale. Imola</subfield>
    <subfield code="1">BO0199</subfield>
    <subfield code="2">UBO BC</subfield>
  </datafield>
  <datafield tag="911" ind1=" " ind2=" ">
    <subfield code="a">In fine</subfield>
    <subfield code="9">IT\ICCU\CNCM\000020</subfield>
  </datafield>
  <datafield tag="921" ind1=" " ind2=" ">
    <subfield code="a">IT\ICCU\CNCM\000020</subfield>
    <subfield code="b">Cerchio con croce doppia e iniziali O.S.M. su sfondo nero</subfield>
    <subfield code="c">K281</subfield>
    <subfield code="c">Z272</subfield>
    <subfield code="d">Dimensioni: 5,8 x 9,3</subfield>
    <subfield code="f">CERCHIO</subfield>
    <subfield code="f">OSM</subfield>
    <subfield code="f">CROCE</subfield>
    <subfield code="g">[150.]-1517</subfield>
  </datafield>
</record>
</collection>
